<record><leader>00000cas a2200000Ma 4500</leader><controlfield tag="001">175702326</controlfield><controlfield tag="007">hd afu---baca</controlfield><controlfield tag="008">940321d19761985njudr nea     0    0eng  </controlfield><controlfield tag="009">272</controlfield><datafield ind1=" " ind2=" " tag="010"><subfield code="a">sn 84020583 </subfield></datafield><datafield ind1=" " ind2=" " tag="040"><subfield code="a">DLC</subfield><subfield code="b">eng</subfield><subfield code="c">PUL</subfield></datafield><datafield ind1="0" ind2="4" tag="050"><subfield code="a">Newspaper</subfield></datafield><datafield ind1="0" ind2=" " tag="130"><subfield code="a">Trenton times (Trenton, N.J. : 1976)</subfield></datafield><datafield ind1="0" ind2="0" tag="245"><subfield code="a">Trenton times</subfield><subfield code="h">[microform].</subfield></datafield><datafield ind1="1" ind2="0" tag="246"><subfield code="a">Saturday times</subfield></datafield><datafield ind1="1" ind2="0" tag="246"><subfield code="a">Sunday times advertiser</subfield></datafield><datafield ind1="1" ind2="0" tag="246"><subfield code="a">Sunday Trenton times</subfield></datafield><datafield ind1="1" ind2="0" tag="246"><subfield code="a">Sunday times</subfield></datafield><datafield ind1=" " ind2=" " tag="260"><subfield code="a">Trenton, N.J. :</subfield><subfield code="b">Trenton Times Corp.,</subfield><subfield code="c">1976-1985.</subfield></datafield><datafield ind1=" " ind2=" " tag="300"><subfield code="a">10 v. :</subfield><subfield code="b">ill. ;</subfield><subfield code="c">58 cm.</subfield></datafield><datafield ind1=" " ind2=" " tag="310"><subfield code="a">Daily</subfield></datafield><datafield ind1="0" ind2=" " tag="362"><subfield code="a">94th yr., no. 290 (Sept. 13, 1976)-103rd yr., 122 (Feb. 10, 1985).</subfield></datafield><datafield ind1=" " ind2=" " tag="500"><subfield code="a">On Saturday, published as: Saturday times, Sept. 18, 1976-Feb. 16, 1980; on Sunday, published as: Sunday times advertiser, Sept. 19, 1976-Feb. 10, 1980; Sunday Trenton times, Feb. 17-Sept. 28, 1980; Sunday times, Dec. 27, 1981-Feb. 10, 1985.</subfield></datafield><datafield ind1=" " ind2=" " tag="533"><subfield code="a">Microfilm.</subfield><subfield code="b">Wooster, OH :</subfield><subfield code="c">Bell &amp; Howell, Micro Photo Division,</subfield><subfield code="d">19 .</subfield><subfield code="e">microfilm reels ; 35 mm.</subfield></datafield><datafield ind1="0" ind2="0" tag="780"><subfield code="t">Evening times (Trenton, N.J.)</subfield></datafield><datafield ind1="0" ind2="1" tag="785"><subfield code="t">Times (Trenton, N.J. : Princeton-metro edition)</subfield><subfield code="x">8750-9083</subfield></datafield><datafield ind1="0" ind2="1" tag="785"><subfield code="t">Times (Trenton, N.J. : Trenton-metro edition)</subfield></datafield></record>